<?xml version="1.0" encoding="UTF-8"?><record xmlns="http://www.loc.gov/MARC21/slim" xmlns:cinclude="http://apache.org/cocoon/include/1.0" xmlns:zs="http://www.loc.gov/zing/srw/">
  <leader>00398nz  a2200133n  4500</leader>
  <controlfield tag="001">n  95067046 </controlfield>
  <controlfield tag="003">DLC</controlfield>
  <controlfield tag="005">19950731170623.4</controlfield>
  <controlfield tag="008">950710n| acannaab|          |n aaa |||  </controlfield>
  <datafield tag="010" ind1=" " ind2=" ">
    <subfield code="a">n  95067046 </subfield>
  </datafield>
  <datafield tag="040" ind1=" " ind2=" ">
    <subfield code="a">DLC</subfield>
    <subfield code="c">DLC</subfield>
  </datafield>
  <datafield tag="100" ind1="1" ind2="0">
    <subfield code="a">Benedetti, Sesto</subfield>
  </datafield>
  <datafield tag="670" ind1=" " ind2=" ">
    <subfield code="a">Sesto Benedetti ... [graphic] between 1844 and 1860.</subfield>
  </datafield>
  <datafield tag="670" ind1=" " ind2=" ">
    <subfield code="a">Odell, G. Annals of the NY stage, 1931:</subfield>
    <subfield code="b">v. 5, opp. p. 310 (Sesto Benedetti)</subfield>
  </datafield>
</record>